<?xml version="1.0" encoding="UTF-8"?><collection xmlns="http://www.loc.gov/MARC21/slim"><record><leader>00311nam--2200121-i-4500</leader><controlfield tag="001">000048595</controlfield><controlfield tag="002">20161230</controlfield><controlfield tag="005">20161230201047</controlfield><controlfield tag="008">060222s1000------------r-----000-0-eng-d</controlfield><datafield ind1=" " ind2=" " tag="245"><subfield code="a">Avtomaticheskaia optimizaciia upraliaemyh sistem</subfield></datafield><datafield ind1=" " ind2=" " tag="260"><subfield code="a">Moskva, Inlitizdat, 1960. 239 P</subfield></datafield><datafield ind1=" " ind2=" " tag="700"><subfield code="a">B.N.Petrova</subfield></datafield><datafield ind1=" " ind2=" " tag="852"><subfield code="a">7677</subfield></datafield></record></collection>